@book{book_pci_express,
    author    = "Mike Jackson and Ravi Budruk",
    title     = "PCI Express Technology",
    year      = "2012",
    publisher = "MindShare, Inc.",
    address   = "New York, USA"
}

@book{book_rust_programming,
    author    = "Steve Klabnik and Carol Nichols",
    title     = "The Rust Programming Language",
    year      = "2018",
    publisher = "No Starch Press, Inc.",
    address   = "San Francisco, USA"
}

@article{firecracker_article,
    author = "Alexandru Agache and Marc Brooker and Andreea Florescu and Alexandra Iordache and Anthony Liguori and Rolf Neugebauer and Phil Piwonka and Diana-Maria Popa",
    title = "{Firecracker: Lightweight Virtualization for Serverless Applications}",
    journal = "NSDI (Networked Systems Design and Implementation)",
    year = {2020},
    DOI = {\url{https://www.amazon.science/publications/firecracker-lightweight-virtualization-for-serverless-applications}}
}

@article{firecracker_study,
    author = "Madhur Jain",
    title = "{Study of Firecracker MicroVM}",
    journal = "Khoury College of Computer Sciences, Northeastern University, Boston, MA",
    year = {2020},
    DOI = {\url{https://arxiv.org/pdf/2005.12821.pdf}}
}

@article{gpu_passthrough,
    author = "John Paul Walters and Andrew J. Younge and Dong In Kang and Ke Thia Yao and Mikyung Kang and Stephen P. Crago and Geoffrey C. Fox",
    title = "{GPU Passthrough Performance: A Comparison of KVM, Xen, VMWare ESXi, and LXC for CUDA and OpenCL Applications}",
    year = {2014},
    journal = "IEEE 7th International Conference on Cloud Computing",
    DOI = {\url{https://ieeexplore.ieee.org/document/6973796}}
}

@misc{firecracker_website,
    author = "Amazon Web Services",
    title = "Firecracker",
    howpublished = {\url{https://firecracker-microvm.github.io}},
    lastchecked = {01.06.2020},
    originalyear = {01.06.2020}
}